% This file was created with JabRef 2.10.
% Encoding: UTF-8


@Electronic{Chattopadhyay2014,
  Title                    = {Concepts of Hashing and collision resolution techniques},
  Author                   = {Chattopadhyay, Abhishek},
  Month                    = {June},
  Url                      = {https://abhishekchattopadhyay.wordpress.com/2014/06/14/concepts-of-hashing/},
  Year                     = {2014},

  Owner                    = {hemant},
  Timestamp                = {2018.04.15}
}

@Book{Tharp1988,
  Title                    = {File Organization and Processing},
  Author                   = {Tharp, Alan L.},
  Publisher                = {Wiley},
  Year                     = {1988},

  Owner                    = {hemant},
  Timestamp                = {2018.04.15}
}

@Electronic{a,
  Title                    = {Static Hashing},
  Url                      = {http://btechsmartclass.com/DS/U4_T3.html},

  Owner                    = {hemant},
  Timestamp                = {2018.04.15}
}

